<?xml version="1.0" encoding="UTF-8"?>
<Document xmlns="urn:iso:std:iso:20022:tech:xsd:pain.001.001.03" xmlns:xsi="http://www.w3.org/2001/XMLSchema-instance">
  <CstmrCdtTrfInitn>
    <GrpHdr>
      <MsgId>60145</MsgId>
      <CreDtTm>2016-09-12T10:45:28</CreDtTm>
      <NbOfTxs>15</NbOfTxs>
      <CtrlSum>420673.19</CtrlSum>
      <InitgPty>
        <Nm>IMCD NORWAY AS</Nm>
        <Id>
          <OrgId>
            <Othr>
              <Id>7525493183</Id>
              <SchmeNm>
                <Cd>CUST</Cd>
              </SchmeNm>
            </Othr>
          </OrgId>
        </Id>
      </InitgPty>
    </GrpHdr>
    <PmtInf>
      <PmtInfId>60145</PmtInfId>
      <PmtMtd>TRF</PmtMtd>
      <BtchBookg>false</BtchBookg>
      <ReqdExctnDt>2016-09-13</ReqdExctnDt>
      <Dbtr>
        <Nm>IMCD NORWAY AS</Nm>
        <PstlAdr>
          <Ctry>NO</Ctry>
        </PstlAdr>
        <Id>
          <OrgId>
            <Othr>
              <Id>19482703249</Id>
              <SchmeNm>
                <Cd>BANK</Cd>
              </SchmeNm>
            </Othr>
          </OrgId>
        </Id>
      </Dbtr>
      <DbtrAcct>
        <Id>
          <IBAN>NO8162420529886</IBAN>
        </Id>
        <Ccy>NOK</Ccy>
      </DbtrAcct>
      <DbtrAgt>
        <FinInstnId>
          <BIC>NDEANOKK</BIC>
        </FinInstnId>
      </DbtrAgt>
      <CdtTrfTxInf>
        <PmtId>
          <InstrId>PN398011</InstrId>
          <EndToEndId>PN398011</EndToEndId>
        </PmtId>
        <Amt>
          <InstdAmt Ccy="NOK">355.00</InstdAmt>
        </Amt>
        <Cdtr>
          <Nm>NORTRAIL Norsk Trailer Express AS NOK</Nm>
          <PstlAdr>
            <Ctry>NO</Ctry>
          </PstlAdr>
        </Cdtr>
        <CdtrAcct>
          <Id>
            <Othr>
              <Id>50050595096</Id>
              <SchmeNm>
                <Prtry>BGNR</Prtry>
              </SchmeNm>
            </Othr>
          </Id>
        </CdtrAcct>
        <RgltryRptg>
          <Dtls>
            <Cd>101</Cd>
          </Dtls>
        </RgltryRptg>
        <RmtInf>
          <Ustrd>#00009548015463400000</Ustrd>
        </RmtInf>
      </CdtTrfTxInf>
      <CdtTrfTxInf>
        <PmtId>
          <InstrId>PN398012</InstrId>
          <EndToEndId>PN398012</EndToEndId>
        </PmtId>
        <Amt>
          <InstdAmt Ccy="NOK">594.25</InstdAmt>
        </Amt>
        <Cdtr>
          <Nm>O.A.Halvari AS</Nm>
          <PstlAdr>
            <Ctry>NO</Ctry>
          </PstlAdr>
        </Cdtr>
        <CdtrAcct>
          <Id>
            <Othr>
              <Id>70760540151</Id>
              <SchmeNm>
                <Prtry>BGNR</Prtry>
              </SchmeNm>
            </Othr>
          </Id>
        </CdtrAcct>
        <RgltryRptg>
          <Dtls>
            <Cd>101</Cd>
          </Dtls>
        </RgltryRptg>
        <RmtInf>
          <Ustrd>#131503609706</Ustrd>
        </RmtInf>
      </CdtTrfTxInf>
      <CdtTrfTxInf>
        <PmtId>
          <InstrId>PN398013</InstrId>
          <EndToEndId>PN398013</EndToEndId>
        </PmtId>
        <Amt>
          <InstdAmt Ccy="NOK">2382.00</InstdAmt>
        </Amt>
        <Cdtr>
          <Nm>CMA CGM Norway</Nm>
          <PstlAdr>
            <Ctry>NO</Ctry>
          </PstlAdr>
        </Cdtr>
        <CdtrAcct>
          <Id>
            <Othr>
              <Id>90212102899</Id>
              <SchmeNm>
                <Prtry>BGNR</Prtry>
              </SchmeNm>
            </Othr>
          </Id>
        </CdtrAcct>
        <RgltryRptg>
          <Dtls>
            <Cd>101</Cd>
          </Dtls>
        </RgltryRptg>
        <RmtInf>
          <Ustrd>NOIM0057142</Ustrd>
        </RmtInf>
      </CdtTrfTxInf>
      <CdtTrfTxInf>
        <PmtId>
          <InstrId>PN398014</InstrId>
          <EndToEndId>PN398014</EndToEndId>
        </PmtId>
        <Amt>
          <InstdAmt Ccy="NOK">2380.26</InstdAmt>
        </Amt>
        <Cdtr>
          <Nm>CMA CGM Norway</Nm>
          <PstlAdr>
            <Ctry>NO</Ctry>
          </PstlAdr>
        </Cdtr>
        <CdtrAcct>
          <Id>
            <Othr>
              <Id>90212102899</Id>
              <SchmeNm>
                <Prtry>BGNR</Prtry>
              </SchmeNm>
            </Othr>
          </Id>
        </CdtrAcct>
        <RgltryRptg>
          <Dtls>
            <Cd>101</Cd>
          </Dtls>
        </RgltryRptg>
        <RmtInf>
          <Ustrd>NOIM0057158</Ustrd>
        </RmtInf>
      </CdtTrfTxInf>
      <CdtTrfTxInf>
        <PmtId>
          <InstrId>PN398015</InstrId>
          <EndToEndId>PN398015</EndToEndId>
        </PmtId>
        <Amt>
          <InstdAmt Ccy="NOK">581.00</InstdAmt>
        </Amt>
        <Cdtr>
          <Nm>DHL Global Forwarding (Norway) AS</Nm>
          <PstlAdr>
            <Ctry>NO</Ctry>
          </PstlAdr>
        </Cdtr>
        <CdtrAcct>
          <Id>
            <Othr>
              <Id>97500716065</Id>
              <SchmeNm>
                <Prtry>BGNR</Prtry>
              </SchmeNm>
            </Othr>
          </Id>
        </CdtrAcct>
        <RgltryRptg>
          <Dtls>
            <Cd>101</Cd>
          </Dtls>
        </RgltryRptg>
        <RmtInf>
          <Ustrd>#00104249429458400001</Ustrd>
        </RmtInf>
      </CdtTrfTxInf>
      <CdtTrfTxInf>
        <PmtId>
          <InstrId>PN398016</InstrId>
          <EndToEndId>PN398016</EndToEndId>
        </PmtId>
        <Amt>
          <InstdAmt Ccy="NOK">581.00</InstdAmt>
        </Amt>
        <Cdtr>
          <Nm>DHL Global Forwarding (Norway) AS</Nm>
          <PstlAdr>
            <Ctry>NO</Ctry>
          </PstlAdr>
        </Cdtr>
        <CdtrAcct>
          <Id>
            <Othr>
              <Id>97500716065</Id>
              <SchmeNm>
                <Prtry>BGNR</Prtry>
              </SchmeNm>
            </Othr>
          </Id>
        </CdtrAcct>
        <RgltryRptg>
          <Dtls>
            <Cd>101</Cd>
          </Dtls>
        </RgltryRptg>
        <RmtInf>
          <Ustrd>#00104249429531600007</Ustrd>
        </RmtInf>
      </CdtTrfTxInf>
      <CdtTrfTxInf>
        <PmtId>
          <InstrId>PN398017</InstrId>
          <EndToEndId>PN398017</EndToEndId>
        </PmtId>
        <Amt>
          <InstdAmt Ccy="NOK">395.00</InstdAmt>
        </Amt>
        <Cdtr>
          <Nm>KGH Customs Services AS</Nm>
          <PstlAdr>
            <Ctry>NO</Ctry>
          </PstlAdr>
        </Cdtr>
        <CdtrAcct>
          <Id>
            <Othr>
              <Id>97500714240</Id>
              <SchmeNm>
                <Prtry>BGNR</Prtry>
              </SchmeNm>
            </Othr>
          </Id>
        </CdtrAcct>
        <RgltryRptg>
          <Dtls>
            <Cd>101</Cd>
          </Dtls>
        </RgltryRptg>
        <RmtInf>
          <Ustrd>#40898618104</Ustrd>
        </RmtInf>
      </CdtTrfTxInf>
      <CdtTrfTxInf>
        <PmtId>
          <InstrId>PN398018</InstrId>
          <EndToEndId>PN398018</EndToEndId>
        </PmtId>
        <Amt>
          <InstdAmt Ccy="NOK">6824.00</InstdAmt>
        </Amt>
        <Cdtr>
          <Nm>COLLICARE LOGISTICS AS</Nm>
          <PstlAdr>
            <Ctry>NO</Ctry>
          </PstlAdr>
        </Cdtr>
        <CdtrAcct>
          <Id>
            <Othr>
              <Id>70320516038</Id>
              <SchmeNm>
                <Prtry>BGNR</Prtry>
              </SchmeNm>
            </Othr>
          </Id>
        </CdtrAcct>
        <RgltryRptg>
          <Dtls>
            <Cd>101</Cd>
          </Dtls>
        </RgltryRptg>
        <RmtInf>
          <Ustrd>#609626002508304 #609626002508338 #609626002508346</Ustrd>
        </RmtInf>
      </CdtTrfTxInf>
      <CdtTrfTxInf>
        <PmtId>
          <InstrId>PN398019</InstrId>
          <EndToEndId>PN398019</EndToEndId>
        </PmtId>
        <Amt>
          <InstdAmt Ccy="NOK">315336.21</InstdAmt>
        </Amt>
        <Cdtr>
          <Nm>COLLICARE LOGISTICS AS</Nm>
          <PstlAdr>
            <Ctry>NO</Ctry>
          </PstlAdr>
        </Cdtr>
        <CdtrAcct>
          <Id>
            <Othr>
              <Id>70320516038</Id>
              <SchmeNm>
                <Prtry>BGNR</Prtry>
              </SchmeNm>
            </Othr>
          </Id>
        </CdtrAcct>
        <RgltryRptg>
          <Dtls>
            <Cd>101</Cd>
          </Dtls>
        </RgltryRptg>
        <RmtInf>
          <Ustrd>#609626002511050 #609626006610213 #609626010054192 #609626002511761</Ustrd>
        </RmtInf>
      </CdtTrfTxInf>
      <CdtTrfTxInf>
        <PmtId>
          <InstrId>PN398020</InstrId>
          <EndToEndId>PN398020</EndToEndId>
        </PmtId>
        <Amt>
          <InstdAmt Ccy="NOK">73265.25</InstdAmt>
        </Amt>
        <Cdtr>
          <Nm>COLLICARE LOGISTICS AS</Nm>
          <PstlAdr>
            <Ctry>NO</Ctry>
          </PstlAdr>
        </Cdtr>
        <CdtrAcct>
          <Id>
            <Othr>
              <Id>70320516038</Id>
              <SchmeNm>
                <Prtry>BGNR</Prtry>
              </SchmeNm>
            </Othr>
          </Id>
        </CdtrAcct>
        <RgltryRptg>
          <Dtls>
            <Cd>101</Cd>
          </Dtls>
        </RgltryRptg>
        <RmtInf>
          <Ustrd>#609626002508908</Ustrd>
        </RmtInf>
      </CdtTrfTxInf>
      <CdtTrfTxInf>
        <PmtId>
          <InstrId>PN398021</InstrId>
          <EndToEndId>PN398021</EndToEndId>
        </PmtId>
        <Amt>
          <InstdAmt Ccy="NOK">7036.00</InstdAmt>
        </Amt>
        <Cdtr>
          <Nm>Bring Frigo Warehouse AS</Nm>
          <PstlAdr>
            <Ctry>NO</Ctry>
          </PstlAdr>
        </Cdtr>
        <CdtrAcct>
          <Id>
            <Othr>
              <Id>60050649531</Id>
              <SchmeNm>
                <Prtry>BGNR</Prtry>
              </SchmeNm>
            </Othr>
          </Id>
        </CdtrAcct>
        <RgltryRptg>
          <Dtls>
            <Cd>101</Cd>
          </Dtls>
        </RgltryRptg>
        <RmtInf>
          <Ustrd>4227929 4227930</Ustrd>
        </RmtInf>
      </CdtTrfTxInf>
      <CdtTrfTxInf>
        <PmtId>
          <InstrId>PN398022</InstrId>
          <EndToEndId>PN398022</EndToEndId>
        </PmtId>
        <Amt>
          <InstdAmt Ccy="NOK">3158.00</InstdAmt>
        </Amt>
        <Cdtr>
          <Nm>Accountor Oslo AS</Nm>
          <PstlAdr>
            <Ctry>NO</Ctry>
          </PstlAdr>
        </Cdtr>
        <CdtrAcct>
          <Id>
            <Othr>
              <Id>61770546507</Id>
              <SchmeNm>
                <Prtry>BGNR</Prtry>
              </SchmeNm>
            </Othr>
          </Id>
        </CdtrAcct>
        <RgltryRptg>
          <Dtls>
            <Cd>101</Cd>
          </Dtls>
        </RgltryRptg>
        <RmtInf>
          <Ustrd>#352726925055</Ustrd>
        </RmtInf>
      </CdtTrfTxInf>
      <CdtTrfTxInf>
        <PmtId>
          <InstrId>PN398023</InstrId>
          <EndToEndId>PN398023</EndToEndId>
        </PmtId>
        <Amt>
          <InstdAmt Ccy="NOK">1856.00</InstdAmt>
        </Amt>
        <Cdtr>
          <Nm>FIRST CARD NORDEA</Nm>
          <PstlAdr>
            <Ctry>NO</Ctry>
          </PstlAdr>
        </Cdtr>
        <CdtrAcct>
          <Id>
            <Othr>
              <Id>60050631357</Id>
              <SchmeNm>
                <Prtry>BGNR</Prtry>
              </SchmeNm>
            </Othr>
          </Id>
        </CdtrAcct>
        <RgltryRptg>
          <Dtls>
            <Cd>101</Cd>
          </Dtls>
        </RgltryRptg>
        <RmtInf>
          <Ustrd>9999104382647055010196602</Ustrd>
        </RmtInf>
      </CdtTrfTxInf>
      <CdtTrfTxInf>
        <PmtId>
          <InstrId>PN398024</InstrId>
          <EndToEndId>PN398024</EndToEndId>
        </PmtId>
        <Amt>
          <InstdAmt Ccy="NOK">4059.67</InstdAmt>
        </Amt>
        <Cdtr>
          <Nm>Bring Frigo AS</Nm>
          <PstlAdr>
            <Ctry>NO</Ctry>
          </PstlAdr>
        </Cdtr>
        <CdtrAcct>
          <Id>
            <Othr>
              <Id>60050630180</Id>
              <SchmeNm>
                <Prtry>BGNR</Prtry>
              </SchmeNm>
            </Othr>
          </Id>
        </CdtrAcct>
        <RgltryRptg>
          <Dtls>
            <Cd>101</Cd>
          </Dtls>
        </RgltryRptg>
        <RmtInf>
          <Ustrd>#10002266000140311302</Ustrd>
        </RmtInf>
      </CdtTrfTxInf>
      <CdtTrfTxInf>
        <PmtId>
          <InstrId>PN398025</InstrId>
          <EndToEndId>PN398025</EndToEndId>
        </PmtId>
        <Amt>
          <InstdAmt Ccy="NOK">1869.55</InstdAmt>
        </Amt>
        <Cdtr>
          <Nm>Bring Frigo AS</Nm>
          <PstlAdr>
            <Ctry>NO</Ctry>
          </PstlAdr>
        </Cdtr>
        <CdtrAcct>
          <Id>
            <Othr>
              <Id>60050630180</Id>
              <SchmeNm>
                <Prtry>BGNR</Prtry>
              </SchmeNm>
            </Othr>
          </Id>
        </CdtrAcct>
        <RgltryRptg>
          <Dtls>
            <Cd>101</Cd>
          </Dtls>
        </RgltryRptg>
        <RmtInf>
          <Ustrd>#10002266000140338008</Ustrd>
        </RmtInf>
      </CdtTrfTxInf>
    </PmtInf>
  </CstmrCdtTrfInitn>
</Document>